@book{anderson1991infectious,
  title={Infectious diseases of humans: dynamics and control},
  author={Anderson, Roy M and May, Robert M},
  year={1991},
  publisher={Oxford university press}
}

@article{diekmann1990definition,
  title={On the definition and the computation of the basic reproduction ratio $\mathcal{R}_0$ in models for infectious diseases in heterogeneous populations},
  author={Diekmann, Odo and Heesterbeek, Johan Andre Peter and Metz, Johan AJ},
  journal={Journal of mathematical biology},
  volume={28},
  number={4},
  pages={365--382},
  year={1990},
  publisher={Springer}
}

@inbook{ross1911prevention,
  title={The prevention of malaria},
  author={Ross, Ronald},
  year={1911},
  publisher={London: John Murray},
  pages={669}
}

@article{miller2012note,
  title={A note on the derivation of epidemic final sizes},
  author={Miller, Joel C},
  journal={Bulletin of mathematical biology},
  volume={74},
  number={9},
  pages={2125--2141},
  year={2012},
  publisher={Springer}
}

@article{ma2006generality,
  title={Generality of the final size formula for an epidemic of a newly invading infectious disease},
  author={Ma, Junling and Earn, David JD},
  journal={Bulletin of mathematical biology},
  volume={68},
  number={3},
  pages={679--702},
  year={2006},
  publisher={Springer}
}

@article{Champredon2018equivalence,
	Author = {Champredon, David and Dushoff, Jonathan and Earn, David J D},
	Journal = {SIAM Journal on Applied Mathematics},
	Pages = {3258--3278},
	Title = {{Equivalence of the Erlang-distributed SEIR epidemic model and the renewal equation}},
	Volume = {78},
	Year = {2018}
}


@article{champredon2015intrinsic,
  title={Intrinsic and realized generation intervals in infectious-disease transmission},
  author={Champredon, David and Dushoff, Jonathan},
  booktitle={Proceedings of the Royal Society of London B: Biological Sciences},
  volume={282},
  number={1821},
  year={2015},
  organization={The Royal Society}
}

@article{fraser2004factors,
  title={Factors that make an infectious disease outbreak controllable},
  author={Fraser, Christophe and Riley, Steven and Anderson, Roy M and Ferguson, Neil M},
  journal={Proceedings of the National Academy of Sciences},
  volume={101},
  number={16},
  pages={6146--6151},
  year={2004},
  publisher={National Acad Sciences}
}

@article{hollingsworth2008hiv,
  title={{HIV-1} transmission, by stage of infection},
  author={Hollingsworth, T D{\'e}irdre and Anderson, Roy M and Fraser, Christophe},
  journal={The Journal of infectious diseases},
  volume={198},
  number={5},
  pages={687--693},
  year={2008},
  publisher={The University of Chicago Press}
}

@article{babiker2000time,
  title={{Time from HIV-1 seroconversion to AIDS and death before widespread use of highly-active antiretroviral therapy: a collaborative re-analysis.}},
  author={{Collaborative Group on AIDS Incubation HIV Survival}},
  journal={Lancet},
  volume={355},
  number={9210},
  year={2000}
}

@article{barron2013eliminating,
  title={{Eliminating mother-to-child HIV transmission in South Africa}},
  author={Barron, Peter and Pillay, Yogan and Doherty, Tanya and Sherman, Gayle and Jackson, Debra and Bhardwaj, Sanjana and Robinson, Precious and Goga, Ameena},
  journal={Bulletin of the World Health Organization},
  volume={91},
  pages={70--74},
  year={2013},
  publisher={SciELO Public Health}
}

@article{hayes2006amplified,
  title={{Amplified HIV transmission during early-stage infection}},
  author={Hayes, Richard J and White, Richard G},
  journal={Journal of Infectious Diseases},
  volume={193},
  number={4},
  pages={604--605},
  year={2006},
  publisher={The University of Chicago Press}
}

@article{weller2002condom,
  title={Condom effectiveness in reducing heterosexual {HIV} transmission},
  author={Weller, Susan C and Davis-Beaty, Karen},
  journal={Cochrane database of systematic reviews},
  number={1},
  year={2002},
  publisher={John Wiley \& Sons, Ltd}
}


@article{britton2019estimation,
  title={Estimation in emerging epidemics: {Biases} and remedies},
  author={Britton, Tom and Scalia Tomba, Gianpaolo},
  journal={Journal of the Royal Society Interface},
  volume={16},
  number={150},
  pages={20180670},
  year={2019},
  publisher={The Royal Society}
}
